<collection xmlns="http://www.loc.gov/MARC21/slim">
<record>
  <leader>01539nam0a22002651i 450 </leader>
  <controlfield tag="001">IT\ICCU\CNCE\033383</controlfield>
  <controlfield tag="005">20141027000000.0</controlfield>
  <datafield tag="012" ind1=" " ind2=" ">
    <subfield code="a">e-a- o,a- isde reon (3) 1597 (A)</subfield>
    <subfield code="2">fei</subfield>
  </datafield>
  <datafield tag="100" ind1=" " ind2=" ">
    <subfield code="a">19971218d1597        0itac0103    ba</subfield>
  </datafield>
  <datafield tag="101" ind1=" " ind2=" ">
    <subfield code="a">LAT</subfield>
  </datafield>
  <datafield tag="102" ind1=" " ind2=" ">
    <subfield code="a">IT</subfield>
  </datafield>
  <datafield tag="200" ind1="1" ind2=" ">
    <subfield code="a">℗Io. Petri Mollignati i.c. ... ℗Interpretationes. Ad statutum de non alienando bona stabilia in forenses, quod Vercellis, pluribusque Italiae ciuitatibus, ac in oppido Candeli conditum compertum est. Accessit ... index locupletissimus</subfield>
  </datafield>
  <datafield tag="210" ind1=" " ind2=" ">
    <subfield code="a">Vercellis</subfield>
    <subfield code="c">apud Franciscum Pellipparium &amp; Leonardum Pontium</subfield>
    <subfield code="d">1597</subfield>
    <subfield code="e">Vercellis</subfield>
    <subfield code="g">apud Franciscum Pellipparium</subfield>
    <subfield code="h">&amp; Leonardum Pontium 1597</subfield>
  </datafield>
  <datafield tag="215" ind1=" " ind2=" ">
    <subfield code="a">\38!, 140 p.</subfield>
    <subfield code="d">4ʻ</subfield>
  </datafield>
  <datafield tag="620" ind1=" " ind2=" ">
    <subfield code="a">IT</subfield>
    <subfield code="d">Vercelli</subfield>
  </datafield>
  <datafield tag="700" ind1=" " ind2="1">
    <subfield code="a">Molignati,</subfield>
    <subfield code="b">Giovanni Pietro</subfield>
    <subfield code="3">IT\ICCU\CNCA\007801</subfield>
  </datafield>
  <datafield tag="712" ind1="0" ind2="0">
    <subfield code="a">Pellipari, Giovanni Francesco &amp; Da_Ponte, Leonardo</subfield>
    <subfield code="3">IT\ICCU\CNCT\001691</subfield>
    <subfield code="4">650</subfield>
  </datafield>
  <datafield tag="790" ind1=" " ind2="1">
    <subfield code="a">Molignato,</subfield>
    <subfield code="b">Giovanni Pietro</subfield>
    <subfield code="3">IT\ICCU\CNCA\021608</subfield>
    <subfield code="z">Molignati, Giovanni Pietro</subfield>
  </datafield>
  <datafield tag="791" ind1="0" ind2="0">
    <subfield code="a">Pelippari, Francesco &amp; Pontio, Leonardo</subfield>
    <subfield code="3">IT\ICCU\CNCT\002474</subfield>
    <subfield code="z">Pellipari, Giovanni Francesco &amp; Da_Ponte, Leonardo</subfield>
  </datafield>
  <datafield tag="801" ind1=" " ind2="3">
    <subfield code="a">IT</subfield>
    <subfield code="b">ICCU</subfield>
    <subfield code="c">20201114</subfield>
  </datafield>
  <datafield tag="899" ind1=" " ind2=" ">
    <subfield code="a">Biblioteca civica. Biella</subfield>
    <subfield code="1">BI0025</subfield>
    <subfield code="2">BIA BC</subfield>
  </datafield>
  <datafield tag="899" ind1=" " ind2=" ">
    <subfield code="a">Biblioteca universitaria. Pavia</subfield>
    <subfield code="1">PV0291</subfield>
    <subfield code="2">MIL UP</subfield>
  </datafield>
  <datafield tag="899" ind1=" " ind2=" ">
    <subfield code="a">Biblioteca del Consiglio di Stato. Roma</subfield>
    <subfield code="1">RM0575</subfield>
    <subfield code="2">RMG CS</subfield>
  </datafield>
  <datafield tag="899" ind1=" " ind2=" ">
    <subfield code="a">Biblioteca agnesiana e diocesana. Vercelli</subfield>
    <subfield code="1">VC0072</subfield>
    <subfield code="2">TO0 C4</subfield>
  </datafield>
  <datafield tag="921" ind1=" " ind2=" ">
    <subfield code="a">IT\ICCU\CNCM\001320</subfield>
    <subfield code="b">Guerriero tiene in mano e mostra una pelle scorticata</subfield>
    <subfield code="e">Victa pellis decus pariet</subfield>
    <subfield code="c">Z729</subfield>
    <subfield code="f">VICTAPELLI</subfield>
    <subfield code="f">GUERRIERO</subfield>
    <subfield code="g">1581-1597</subfield>
  </datafield>
</record>
</collection>
